@book{
	ivezic2014,
	title={Statistics, Data Mining, and Machine Learning in Astronomy: A Practical Python Guide for the Analysis of Survey Data: A Practical Python Guide for the Analysis of Survey Data},
	author={Ivezi{\'c}, {\v{Z}}. and Connolly, A.J. and VanderPlas, J.T. and Gray, A.},
	isbn={9781400848911},
	series={Princeton Series in Modern Observational Astronomy},
	url={https://books.google.de/books?id=2fM8AQAAQBAJ},
	year={2014},
	publisher={Princeton University Press}
}

@inproceedings{astroML,
	author={{Vanderplas}, J.T. and {Connolly}, A.J. and {Ivezi{\'c}}, {\v Z}. and {Gray}, A.},
	booktitle={Conference on Intelligent Data Understanding (CIDU)},
	title={{Introduction to astroML: Machine learning for astrophysics}},
	pages={47 -54},
	doi={10.1109/CIDU.2012.6382200},
	year={2012}
}

@article{scikit-learn,
	title={Scikit-learn: Machine Learning in {P}ython},
	author={Pedregosa, F. and Varoquaux, G. and Gramfort, A. and Michel, V. and Thirion, B. and Grisel, O. and Blondel, M. and Prettenhofer, P. and Weiss, R. and Dubourg, V. and Vanderplas, J. and Passos, A. and Cournapeau, D. and Brucher, M. and Perrot, M. and Duchesnay, E.},
	journal={Journal of Machine Learning Research},
	volume={12},
	pages={2825--2830},
	year={2011}
}

@book{duda2001,
	address = {pub-WILEY:adr},
	author = {Richard O. Duda and others},
	description = {phd thesis version 2009-10-23},
	edition = {Second},
	isbn = {0-471-05669-3},
	keywords = {imported},
	pages = {xx + 654},
	publisher = {Wiley},
	subject = {Pattern recognition systems; Statistical decision},
	timestamp = {2009-10-23T10:49:38.000+0200},
	title = {Pattern classification},
	year = {2001}
}

@article{dubath2011,
	title={Random forest automated supervised classification of Hipparcos periodic variable stars},
	author={Dubath, P and Rimoldini, L and S{\"u}veges, M and Blomme, Jonas and L{\'o}pez, M and Sarro, LM and De Ridder, Joris and Cuypers, J and Guy, L and Lecoeur, I and others},
	journal={Monthly Notices of the Royal Astronomical Society},
	volume={414},
	number={3},
	pages={2602--2617},
	year={2011},
	publisher={Oxford University Press}
}

@article{kim2014,
	title={The EPOCH Project-I. Periodic variable stars in the EROS-2 LMC database},
	author={Kim, Dae-Won and Protopapas, Pavlos and Bailer-Jones, Coryn AL and Byun, Yong-Ik and Chang, Seo-Won and Marquette, Jean-Baptiste and Shin, Min-Su},
	journal={Astronomy \& Astrophysics},
	volume={566},
	pages={A43},
	year={2014},
	publisher={EDP Sciences}
}

@article{graham2013,
	author = {{Graham}, M.~J. and {Drake}, A.~J. and {Djorgovski}, S.~G. and {Mahabal}, A.~A. and {Donalek}, C.},
	title = "{Using conditional entropy to identify periodicity}",
	journal = {MNRAS},
	year = 2013,
	month = sep,
	volume = 434,
	pages = {2629-2635}
}

@article{lomb1976,
	year={1976},
	issn={0004-640X},
	journal={Astrophysics and Space Science},
	volume={39},
	number={2},
	doi={10.1007/BF00648343},
	title={Least-squares frequency analysis of unequally spaced data},
	url={http://dx.doi.org/10.1007/BF00648343},
	publisher={Kluwer Academic Publishers},
	author={Lomb, N.R.},
	pages={447-462},
	language={English}
}

@article{scargle1982,
	author = {{Scargle}, J.~D.},
	title = "{Studies in astronomical time series analysis. II - Statistical aspects of spectral analysis of unevenly spaced data}",
	journal = {The Astrophysical Journal},
	keywords = {Astronomy, Signal Detection, Spectrum Analysis, Statistical Distributions, Time Series Analysis, Fourier Transformation, Frequency Response, Power Spectra, Signal To Noise Ratios},
	year = 1982,
	month = dec,
	volume = 263,
	pages = {835-853},
	doi = {10.1086/160554},
	adsurl = {http://adsabs.harvard.edu/abs/1982ApJ...263..835S},
	adsnote = {Provided by the SAO/NASA Astrophysics Data System}
}

@article{horne1986,
	author = {{Horne}, J.~H. and {Baliunas}, S.~L.},
	title = "{A prescription for period analysis of unevenly sampled time series}",
	journal = {The Astrophysical Journal},
	keywords = {Computational Astrophysics, Periodic Functions, Time Series Analysis, Fourier Analysis, Probability Distribution Functions, Sampling, Signal To Noise Ratios, Variance (Statistics)},
	year = 1986,
	month = mar,
	volume = 302,
	pages = {757-763},
	doi = {10.1086/164037},
	adsurl = {http://adsabs.harvard.edu/abs/1986ApJ...302..757H},
	adsnote = {Provided by the SAO/NASA Astrophysics Data System}
}

@article{vanderplas2015,
	author = {{VanderPlas}, J.~T. and {Ivezic}, Z.},
	title = "{Periodograms for Multiband Astronomical Time Series}",
	journal = {ArXiv e-prints},
	archivePrefix = "arXiv",
	eprint = {1502.01344},
	primaryClass = "astro-ph.IM",
	keywords = {Astrophysics - Instrumentation and Methods for Astrophysics},
	year = 2015,
	month = feb,
	adsurl = {http://adsabs.harvard.edu/abs/2015arXiv150201344V},
	adsnote = {Provided by the SAO/NASA Astrophysics Data System}
}

@article{zechmeister2009,
	author = {{Zechmeister}, M. and {K{\"u}rster}, M.},
	title = "{The generalised Lomb-Scargle periodogram. A new formalism for the floating-mean and Keplerian periodograms}",
	journal = {Astronomy and Astrophysics},
	archivePrefix = "arXiv",
	eprint = {0901.2573},
	primaryClass = "astro-ph.IM",
	keywords = {methods: data analysis, methods: analytical, methods: statistical, techniques: radial velocities},
	year = 2009,
	month = mar,
	volume = 496,
	pages = {577-584},
	doi = {10.1051/0004-6361:200811296},
	adsurl = {http://adsabs.harvard.edu/abs/2009A%26A...496..577Z},
	adsnote = {Provided by the SAO/NASA Astrophysics Data System}
}

